@misc {ONG,
AUTHOR = {Euractiv},
TITLE = {Energie et changement climatique : vers une politique européenne intégrée [FR]
},

HOWPUBLISHED = {Disponible en http://www.euractiv.com/fr/energie/energie-et-changement-climatique-vers-une-politique-europ-enne-int-gr-fr-linksdossier-188789.
},
YEAR = {2011},
}

@misc {GREENPEACE,
AUTHOR = {GreenPeace},
TITLE = {Impacts climatiques en France},
HOWPUBLISHED = {Disponible en http://www.greenpeace.fr/impactsclimatiques/impactclimfr.html},
YEAR = {2011},
}

@misc {DOCFRANCE,
AUTHOR = {La documentation Française },
TITLE = {Changement climatique: Coûts des impacts et pistes d’adaptation
},
HOWPUBLISHED = {Disponible en http://www.ladocumentationfrancaise.fr/rapports-publics/094000463/index.shtml},
YEAR = {2011},
}




@misc {FR,
AUTHOR = {LeMonde},
TITLE = {
Les Français croient-ils au réchauffement climatique de la planète ?
},
HOWPUBLISHED = {Disponible en http://ecologie.blog.lemonde.fr/2010/01/19/les-francais-croient-ils-au-rechauffement-climatique-de-la-planete/
},
YEAR = {2010},
}

@misc {WIKI1,
AUTHOR = {Wikipédia},
TITLE = {Gaz à effet de serre},
HOWPUBLISHED = {Disponible en
                  http://fr.wikipedia.org/wiki/Gaz A effet de serre},
YEAR = {2011},
}


@misc {ACTU,
AUTHOR = {Actu-environnement},
TITLE = { Actu-environnement (2011). Durban : le Protocole de Kyoto s'éloigne comme un mirage.},
HOWPUBLISHED = { Disponible en: http://www.actu-environnement.com/ae/news/bilan-conference-durban-2011-climat-14379.php4},
YEAR = {2011},
}


@misc {GV,
AUTHOR = {Gouvernement},
TITLE = {Le portail du gouvernement Français(2011). La conférence de Durban sur le changement climatique.},
HOWPUBLISHED = { Disponible en: http://www.gouvernement.fr/gouvernement/la-conference-de-durban-sur-le-changement-climatique},
YEAR = {2011},
}


@misc {DIP,
AUTHOR = {Diplomatie},
TITLE = {Diplomatie Française (2011)},
HOWPUBLISHED = {Disponible en:http://www.diplomatie.gouv.fr},
YEAR = {2011},
}


@misc {SEQ,
AUTHOR = {Sequovia},
TITLE = {Taxe carbone: le retour?},
HOWPUBLISHED = {Disponible en: http://www.sequovia.com/actualites/8359-taxe-carbone-le-retour.html},
YEAR = {2011},
}

@misc {DOC,
AUTHOR = {Documentation},
TITLE = {La documentation Française (2011)},
HOWPUBLISHED = { Disponible en: http://www.ladocumentationfrancaise.fr/dossiers/changement-climatique/chronologie.shtml},
YEAR = {2011},
}